@article{Fritz_synthetic,
	title={A synthetic approach to Markov kernels, conditional independence and theorems on sufficient statistics},
	volume={370},
	ISSN={0001-8708},
	url={http://dx.doi.org/10.1016/j.aim.2020.107239},
	DOI={10.1016/j.aim.2020.107239},
	journal={Advances in Mathematics},
	publisher={Elsevier BV},
	author={Fritz, Tobias},
	year={2020},
	month=aug, pages={107239} }


@article{Fritz_representable,
   title={Representable Markov categories and comparison of statistical experiments in categorical probability},
   volume={961},
   ISSN={0304-3975},
   url={http://dx.doi.org/10.1016/j.tcs.2023.113896},
   DOI={10.1016/j.tcs.2023.113896},
   journal={Theoretical Computer Science},
   publisher={Elsevier BV},
   author={Fritz, Tobias and Gonda, Tomáš and Perrone, Paolo and Fjeldgren Rischel, Eigil},
   year={2023},
   month=jun, pages={113896} }

